<?xml version="1.0" encoding="UTF-8"?><collection xmlns="http://www.loc.gov/MARC21/slim"><record><leader>00373nam--2200133-i-4500</leader><controlfield tag="001">000031014</controlfield><controlfield tag="002">20161230</controlfield><controlfield tag="005">20161230201038</controlfield><controlfield tag="008">060222s1000------------r-----000-0-eng-d</controlfield><datafield ind1=" " ind2=" " tag="080"><subfield code="a">669.2/8.1:689.891</subfield></datafield><datafield ind1=" " ind2=" " tag="100"><subfield code="a">Mantell, C.L. And Hardy, Charles</subfield></datafield><datafield ind1=" " ind2=" " tag="245"><subfield code="a">Calcium metallurgy and technology</subfield></datafield><datafield ind1=" " ind2=" " tag="260"><subfield code="a">New York, Reinhold Publishing Corporation, 1945, 148p</subfield></datafield><datafield ind1=" " ind2=" " tag="852"><subfield code="a">5155</subfield></datafield></record></collection>